@article{Alcolea,
    author  = {Maria P. Alcolea and Philip Greulich and Agnieszka Wabik 
               and Julia Frede and Benjamin D. Simons and Philip H. Jones},
    year    = {2014},
    title   = {\href{https://doi.org/10.1038/ncb2963}{
               Differentiation imbalance in single oesophageal progenitor cells
               cause clonal immortalization and field change}},
    journal = {Nature Cell Biology},
    volume  = {16},
    number  = {6},
    pages   = {612-619},
    doi     = {https://doi.org/10.1038/ncb2963}
}

@article{Alonso,
    author  = {Sergio Alonso and Yuichi Dai and Kentaro Yamashita
               and Shina Horiuchi and Tomoko Dai and Akihiro Matsunaga
               and Rosa Sánchez-Muñoz and Cristina Bilbao-Sieyro
               and Juan Carlos Díaz-Chico and Andrei V. Chernov
               and Alex Y. Strongin and Manuel Perucho},
    year    = {2015},
    title   = {\href{https://doi.org/10.18632/oncotarget.2852}{
               Methylation of MGMT and ADAMTS14 in normal colon MUCOSA:
               biomarkers of a field defect for cancerization preferentially
               targeting elder African-Americans}},
    journal = {Oncotarget},
    volume  = {6},
    number  = {5},
    pages   = {3420-3431},
    doi     = {https://doi.org/10.18632/oncotarget.2852}
}

@article{Anandakrishnan,
  author    = {Ramu Anandakrishnan and Robin T. Varghese 
               and Nicholas A. Kinney and Harold R. Garner},
  year      = {2019},
  title     = {\href{https://doi.org/10.1371/journal.pcbi.1006881}{
               Estimating the number of genetic mutations (hits) required for 
               carcinogenesis based on the distribution of somatic mutations}},
  journal   = {PLoS computational biology},
  volume    = {15},
  number    = {3},
  pages     ={e1006881},
  publisher = {Public Library of Science San Francisco, CA USA},
  doi       = {https://doi.org/10.1371/journal.pcbi.1006881}
}

@article{Angadi,
    author  = {Punnya V. Angadi and J. K. Savitha and Sanjay S. Rao
               and Y. Sivaranjini},
    year    = {2012},
    title   = {\href{https://doi.org/10.1007/s10006-012-0317-x}{
               Oral field cancerization: current evidence and future
               perspectives}},
    journal = {Oral and Maxillofacial Surgery},
    volume  = {16},
    number  = {2},
    pages   = {171-180},
    doi     = {https://doi.org/10.1007/s10006-012-0317-x}
}

@article{Asada,
    author  = {K. Asada and T. Ando and T. Niwa and S. Nanjo and N. Watanabe
               and E. Okochi-Takada and T. Yoshida and K. Miyamoto
               and S. Enomoto and M. Ichinose},
    year    = {2013},
    title   = {\href{http://dx.doi.org/10.1038/onc.2012.228}{
               FHL1 on chromosome X is a single-hit gastrointestinal
               tumor-suppressor gene and contributes to the formation of an
               epigenetic field defect}},
    journal = {Oncogene},
    volume  = {32},
    number  = {17},
    pages   = {2140-2149},
    doi     = {http://dx.doi.org/10.1038/onc.2012.228}
}

@article{Bagnardi,
    author  = {V. Bagnardi and M. Rota and E. Botteri and I. Tramacere and F. Islami
               and V. Fedirko and L. Scotti and M. Jenab and F. Turati and E. Pasquali
               and C. Pelucchi and C. Galeone and R. Bellocco and E. Negri and G. Corrao 
               and P. Boffetta and C. La Vecchia},
    year    = {2015},
    title   = {\href{https://pubmed.ncbi.nlm.nih.gov/25422909}{
               Alcohol consumption and site-specific cancer risk: 
               a comprehensive dose-response meta-analysis}},
    journal = {Br J Cancer},
    volume  = {112},
    number  = {3},
    pages   = {580-593},
    doi     = {https://pubmed.ncbi.nlm.nih.gov/25422909}
}

@article{Baker,
    author  = {Ann-Marie Baker and Biancastella Cereser and Samuel Melton
               and Alexander G. Fletcher and Manuel Rodriguez-Justo
               and Paul J. Tadrous and Adam Humphries and George Elia
               and Stuart A.C. McDonald and Nicholas A. Wright
               and Benjamin D. Simons and Marnix Jansen and Trevor A. Graham},
    year    = {2014},
    title   = {\href{https://doi.org/10.1016/j.celrep.2014.07.019}{
               Quantification of Crypt and Stem Cell Evolution in the Normal and 
               Neoplastic Human Colon}},
    journal = {Cell Reports},
    volume  = {8},
    number  = {4},
    pages   = {940-947},
    doi     = {https://doi.org/10.1016/j.celrep.2014.07.019}
}

@article{Beckmann,
    author  = {Julia Beckmann and Sebastian Scheitza and Peter Wernet
               and Johannes C. Fischer and Bernd Giebel},
    year    = {2007},
    title   = {\href{https://doi.org/10.1182/blood-2006-11-055921}{
               Asymmetric cell division within the human hematopoietic stem and
               progenitor cell compartment: identification of asymmetrically
               segregating proteins}},
    journal = {Blood},
    volume  = {109},
    number  = {12},
    pages   = {5494-5501},
    doi     = {https://doi.org/10.1182/blood-2006-11-055921}
}

@article{Bedi,
    author  = {Gauri C. Bedi and William H. Westra and Edward Gabrielson
               and Wayne Koch and David Sidransky},
    year    = {1996},
    title   = {\href{http://www.ncbi.nlm.nih.gov/pubmed/8653681}{
               Multiple head and neck tumors: evidence for a common clonal
               origin}},
    journal = {Cancer Research},
    volume  = {56},
    number  = {11},
    pages   = {2484-2487},
    doi     = {http://www.ncbi.nlm.nih.gov/pubmed/8653681}
}

@article{Beerenwinkel,
    author  = {Niko Beerenwinkel and Roland F. Schwarz and 
               Moritz Gerstung and Florian Markowetz},
    year    = {2014},
    title   = {\href{https://doi.org/10.1093/sysbio/syu081}{
               Cancer Evolution: Mathematical Models and Computational Inference}},
    journal = {Systematic Biology},
    volume  = {64},
    number  = {1},
    pages   = {e1-e25},
    doi     = {https://doi.org/10.1093/sysbio/syu081}
}

@article{Beidler,
    author    = {Lloyd M. Beidler and Ronald L. Smallman},
    year      = {1965},
    title     = {\href{https://doi.org/10.1083/jcb.27.2.263}{
                 Renewal of cells within taste buds}},
    journal   = {The Journal of cell biology},
    volume    = {27},
    number    = {2},
    publisher = {Rockefeller University Press},
    pages     = {263-272},
    doi       = {https://doi.org/10.1083/jcb.27.2.263}
}

@article{Benowitz,
    author    = {Neal L. Benowitz and Janne Hukkanen and Peyton Jacob},
    year      = {2009},
    title     = {\href{https://doi.org/10.1007/978-3-540-69248-5_2}{
                 Nicotine chemistry, metabolism, kinetics and biomarkers}},
    journal   = {Nicotine psychopharmacology},
    pages     = {29-60},
    publisher = {Springer},
    doi       = {https://doi.org/10.1007/978-3-540-69248-5_2}
}

@article{Biddle,
    author  = {Adrian Biddle and Xiao Liang and Luke Gammon and Bilal Fazil 
               and Lisa J. Harper and Helena Emich and Daniela Elena Costea 
               and Ian C. Mackenzie},
    year    = {2011},
    title   = {\href{https://doi.org/10.1158/0008-5472.CAN-11-1059}{
               Cancer Stem Cells in Squamous Cell Carcinoma Switch between Two
               Distinct Phenotypes That Are Preferentially Migratory or
               Proliferative}},
    journal = {Cancer Research},
    volume  = {71},
    number  = {15},
    pages   = {5317-5326},
    doi     = {https://doi.org/10.1158/0008-5472.CAN-11-1059}
}

@online{biologyonline.com,
    title   = {Simple Squamous Epithelium},
    url     = {https://www.biologyonline.com/dictionary/simple-squamous-epithelium},
    urldate = {2022-03}
}

@online{bionumbers.hms.harvard.edu_2022,
    title   = {Size of epithelia cell},
    url     = {https://bionumbers.hms.harvard.edu/bionumber.aspx?id=108917&ver=0&trm=cell+volume&org=},
    urldate = {2022-02}
}

@article{Bjerkvig,
    author  = {Rolf Bjerkvig and Berit B. Tysnes and Karen S. Aboody
               and Joseph Najbauer and A. J. A. Terzis},
    year    = {2005},
    title   = {\href{https://doi.org/10.1038/nrc1740}{
               The origin of the cancer stem cell: current controversies and new
               insights}},
    journal = {Nature Reviews Cancer},
    volume  = {5},
    number  = {11},
    pages   = {899-904},
    doi     = {https://doi.org/10.1038/nrc1740}
}

@article{Blokzijl,
    author  = {Francis Blokzijl and Joep {de Ligt} and Myrthe Jager
               and Valentina Sasselli and Sophie Roerink and Nobuo Sasaki
               and Meritxell Huch and Sander Boymans and Ewart Kuijk
               and Pjotr Prins and Isaac J. Nijman and Inigo Martincorena
               and Michal Mokry and Caroline L. Wiegerinck and Sabine Middendorp
               and Toshiro Sato and Gerald Schwank and Edward E. S. Nieuwenhuis
               and Monique M. A. Verstegen and Luc J. W. {van der Laan}
               and Jeroen {de Jonge} and Jan N. M. IJzermans and Robert G. Vries
               and Marc {van de Wetering} and Michael R. Stratton
               and Hans Clevers and Edwin Cuppen and Ruben {van Boxtel}},
    year    = {2016},
    title   = {\href{https://doi.org/10.1038/nature19768}{
               Tissue-specific mutation accumulation in human adult stem cells
               during life}},
    journal = {Nature},
    volume  = {538},
    pages   = {260-264},
    doi     = {https://doi.org/10.1038/nature19768}
}

@article{BoscoloRizzo,
    author  = {Paolo Boscolo-Rizzo and Enrica Rampazzo and Egle Perissinotto
               and Maria Assunta Piano and Silvia Giunco and Lorena Baboci
               and Giacomo Spinato and Roberto Spinato and Giancarlo Tirelli
               and Maria Cristina {Da Mosto} and Annarosa {Del Mistro}
               and Anita {De Rossi}},
    year    = {2015},
    title   = {\href{https://doi.org/10.1016/j.oraloncology.2015.02.100}{
               Telomere shortening in mucosa surrounding the tumor: Biosensor of
               field cancerization and prognostic marker of mucosal failure in
               head and neck squamous cell carcinoma}},
    journal = {Oral Oncology},
    volume  = {51},
    number  = {5},
    pages   = {500-507},
    doi     = {https://doi.org/10.1016/j.oraloncology.2015.02.100}
}

@article{Bowling,
    author  = {Sarah Bowling and Katerina Lawlor and Tristan A. Rodríguez},
    year    = {2019},
    title   = {\href{https://doi.org/10.1242/dev.167486}{
               Cell competition: the winners and losers of fitness selection}},
    journal = {Development},
    volume  = {146},
    number  = {13},
    pages   = {1-12},
    doi     = {https://doi.org/10.1242/dev.167486}
}

@article{Braakhuis,
    author  = {Boudewign J. M. Braakhuis and Maarten P. Tabor
               and J. Alain Kummer and C. Ren{\'e} Leemans
               and Ruud H. Brakenhoff},
    year    = {2003},
    title   = {\href{https://cancerres.aacrjournals.org/content/63/8/1727}{
               A Genetic Explanation of Slaughter{\textquoteright}s
               Concept of Field Cancerization}},
    journal = {Cancer Research},
    volume  = {63},
    number  = {8},
    pages   = {1727-1730},
    doi     = {https://cancerres.aacrjournals.org/content/63/8/1727}
}

@article{Brennan,
    author  = {Joseph A. Brennan and Li Mao and Ralph H. Hruban and Jay O. Boyle
               and Yolanda J. Eby and Wayne M. Koch and Steven N. Goodman
               and David Sidransky},
    year    = {1995},
    title   = {\href{https://doi.org/10.1056/NEJM199502163320704}{
               Molecular Assessment of Histopathological Staging in
               Squamous-Cell Carcinoma of the Head and Neck}},
    journal = {New England Journal of Medicine},
    volume  = {332},
    number  = {7},
    pages   = {429-435},
    doi     = {https://doi.org/10.1056/NEJM199502163320704}
}

@article{Bu,
    author  = {Yiwen Bu and Deliang Cao},
    year    = {2012},
    title   = {\href{http://dx.doi.org/10.2741/302}{
               The origin of cancer stem cells}},
    journal = {Frontiers in Bioscience},
    volume  = {Scholar},
    number  = {4},
    pages   = {819-830},
    doi     = {http://dx.doi.org/10.2741/302}
}

@article{Cabanillas,
    author  = {Rub{\'e}n Cabanillas and Jos{\'e} L. Llorente},
    year    = {2009},
    title   = {\href{https://doi.org/10.1007/s00405-008-0809-3}{
               The Stem Cell Network model: clinical implications in cancer}},
    journal = {European Archives of Oto-Rhino-Laryngology},
    volume  = {266},
    number  = {2},
    pages   = {161-170},
    doi     = {https://doi.org/10.1007/s00405-008-0809-3}
}

@article{Calabrese,
    author  = {Peter Calabrese and Simon Tavaré and Darryl Shibata},
    year    = {2004},
    title   = {\href{https://doi.org/10.1016/S0002-9440(10)63220-8}{
               Pretumor progression: clonal evolution of human stem cell
               populations}},
    journal = {The American Journal of Pathology},
    volume  = {164},
    number  = {4},
    pages   = {1337-1346},
    doi     = {https://doi.org/10.1016/S0002-9440(10)63220-8}
}

@article {Califano1996,
    author  = {Joseph Califano and Peter {van der Riet} and William Westra
               and Homaira Nawroz and Gary Clayman and Steven Piantadosi
               and Russel Corio and Daniel Lee and Benjamin Greenberg
               and Wayne Koch and David Sidransky}, 
    year    = {1996},
    title   = {\href{https://cancerres.aacrjournals.org/content/56/11/2488}{
               Genetic Progression Model for Head and Neck Cancer: Implications
               for Field Cancerization}},
    journal = {Cancer Research},
    volume  = {56},
    number  = {11},
    pages   = {2488-2492},
    doi     = {https://cancerres.aacrjournals.org/content/56/11/2488}
}

@article {Califano1999,
    author  = {Joseph Califano and Paul L. Leong and Wayne M. Koch
               and Claus F. Eisenberger and David Sidransky
               and William H. Westra},
    year    = {1999},
    title   = {\href{https://clincancerres.aacrjournals.org/content/5/7/1862}{
               Second Esophageal Tumors in Patients with Head and Neck Squamous
               Cell Carcinoma: An Assessment of Clonal Relationships}},
    journal = {Clinical Cancer Research},
    volume  = {5},
    number  = {7},
    pages   = {1862-1867},
    doi     = {https://clincancerres.aacrjournals.org/content/5/7/1862}
}

@online{canada.ca,
    title   = {Carcinogens in Tobacco Smoke},
    url     = {https://www.canada.ca/en/health-canada/services/publications/healthy-living/carcinogens-tobacco-smoke.html},
    urldate = {2022-03}
}

@online{cancer.net_2021,
    title   = {Head and neck cancer - risk factors and prevention},
    year    = {2021},
    month   = {10},
    url     = {https://www.cancer.net/cancer-types/head-and-neck-cancer/risk-factors-and-prevention},
    urldate = {2021-06}
}

@article{Catalano,
    author  = {Veronica Catalano and Alice Turdo and Simone {Di Franco}
               and Francesco Dieli and Matilde Todaro and Giorgio Stassi},
    year    = {2013},
    title   = {\href{https://doi.org/10.1016/j.semcancer.2013.08.007}{
               Tumor and its microenvironment: A synergistic interplay}},
    journal = {Seminars in Cancer Biology},
    volume  = {23},
    number  = {6, Part B},
    pages   = {522-532},
    doi     = {https://doi.org/10.1016/j.semcancer.2013.08.007}
}

@article{Cense,
    author  = {H. A. Cense and J. J. B. {van Lanschot} and P. Fockens
               and H. Obertop and G. J. A. Offerhaus},
    year    = {1997},
    title   = {\href{https://doi.org/10.1093/dote/10.2.139}{
               A patient with seven primary tumors of the upper aerodigestive
               tract: the process of field cancerization versus distant
               monoclonal expansion}},
    journal = {Diseases of the Esophagus},
    volume  = {10},
    number  = {2},
    pages   = {139-142},
    doi     = {https://doi.org/10.1093/dote/10.2.139}
}

@article{Chang,
    author  = {Yih-Leong Chang and Chen-Tu Wu and Shu-Chen Lin
               and Chin-Fu Hsiao and Yuh-Shan Jou and Yung-Chie Lee},
    year    = {2007},
    title   = {\href{https://doi.org/10.1158/1078-0432.CCR-06-1743}{
               Clonality and prognostic implications of p53 and epidermal
               growth factor receptor somatic aberrations in multiple primary
               lung cancers}},
    journal = {Clinical Cancer Research},
    volume  = {13},
    number  = {1},
    pages   = {52-58},
    doi     = {https://doi.org/10.1158/1078-0432.CCR-06-1743}
}

@article{Chu,
    author  = {Tang‐Yuan Chu and Chen‐Yang Shen and Heng‐Seng Lee
               and Hang‐Seng Liu},
    year    = {1999},
    title   = {\href{https://doi.org/10.1002/(SICI)1098-2264(199902)24:2\%3C127::AID-GCC5\%3E3.0.CO;2-8}{
               Monoclonality and surface lesion‐specific microsatellite
               alterations in premalignant and malignant neoplasia of uterine
               cervix: a local field effect of genomic instability and clonal
               evolution}},
    journal = {Genes, Chromosomes and Cancer},
    volume  = {24},
    number  = {2},
    pages   = {127-134},
    doi     = {https://doi.org/10.1002/(SICI)1098-2264(199902)24:2\%3C127::AID-GCC5\%3E3.0.CO;2-8}
}

@article{Clayton,
    author  = {Elizabeth Clayton and David P. Doup{\'e} and Allon M. Klein
               and Douglas J. Winton and Benjamin D. Simons
               and Philip H. Jones},
    year    = {2007},
    title   = {\href{https://doi.org/10.1038/nature05574}{
               A single type of progenitor cell maintains normal epidermis}},
    journal = {Nature},
    volume  = {446},
    number  = {7132},
    pages   = {185-189},
    doi     = {https://doi.org/10.1038/nature05574}
}

@online{clevelandclinic.org,
    title   = {Epithelium},
    url     = {https://my.clevelandclinic.org/health/articles/22062-epithelium},
    urldate = {2022-03}
}

@article{Curtius,
    author  = {Kit Curtius and Nicholas A. Wright and Trevor A. Graham},
    year    = {2017},
    title   = {\href{https://doi.org/10.1038/nrc.2017.102}{
               An evolutionary perspective on field cancerization}},
    journal = {Nature Reviews Cancer},
    volume  = {18},
    pages   = {19-32},
    doi     = {https://doi.org/10.1038/nrc.2017.102}
}

@article{Damania,
    author  = {Dhwanil Damania and Hemant K. Roy and Hariharan Subramanian
               and David S. Weinberg and Douglas K. Rex and Michael J. Goldberg
               and Joseph Muldoon and Lusik Cherkezyan and Yuanjia Zhu
               and Laura K. Bianchi},
    year    = {2012},
    title   = {\href{https://doi.org/10.1158/0008-5472.CAN-11-3807}{
               Nanocytology of rectal colonocytes to assess risk of colon cancer
               based on field cancerization}},
    journal = {Cancer Research},
    volume  = {72},
    number  = {11},
    pages   = {2720-2727},
    doi     = {https://doi.org/10.1158/0008-5472.CAN-11-3807}
}

@article{Davis,
    author  = {Hayley Davis and Shazia Irshad and Mukesh Bansal
               and Hannah Rafferty and Tatjana Boitsova and Chiara Bardella
               and Emma Jaeger and Annabelle Lewis and Luke Freeman-Mills
               and Francesc C. Giner},
    year    = {2015},
    title   = {\href{http://doi.org/10.1038/nm.3750}{
               Aberrant epithelial GREM1 expression initiates colonic
               tumorigenesis from cells outside the stem cell niche}},
    journal = {Nature Medicine},
    volume  = {21},
    number  = {1},
    pages   = {62-70},
    doi     = {http://doi.org/10.1038/nm.3750}
}

@article{VanDekken1999,
    author  = {Herman {van Dekken} and C. J. Vissers and H. W. Tilanus
               and H. J. Tanke and C. Rosenberg},
    year    = {1999},
    title   = {\href{https://doi.org/10.1002/(SICI)1096-9896(199907)188:3\%3C263::AID-PATH374\%3E3.0.CO;2-Y}{
               Clonal analysis of a case of multifocal oesophageal (Barrett's)
               adenocarcinoma by comparative genomic hybridization}},
    journal = {The Journal of Pathology},
    volume  = {188},
    number  = {3},
    pages   = {263-266},
    doi     = {https://doi.org/10.1002/(SICI)1096-9896(199907)188:3\%3C263::AID-PATH374\%3E3.0.CO;2-Y}
}

@article{VanDekken2006,
    author  = {Herman {van Dekken} and Josiane C. Wink and Kees J. Vissers
               and Ronald {van Marion} and Patrick F. Franken
               and Monique M. C. P. Hoogmans and Winand N. M. Dinjens
               and W. Ruud Schouten and Ernst J. Kuipers
               and C. Janneke {van der Woude}},
    year    = {2006},
    title   = {\href{https://doi.org/10.1007/s00428-006-0312-4}{
               Genomic analysis of a case of multifocal adenocarcinoma in
               ulcerative colitis}},
    journal = {Virchows Archiv},
    volume  = {449},
    number  = {6},
    pages   = {716-721},
    doi     = {https://doi.org/10.1007/s00428-006-0312-4}
}

@article{DiFiore,
    author  = {Riccardo {Di Fiore} and Michela Marcatti and Rosa Drago-Ferrante
               and Antonella D'Anneo and Michela Giuliano and Daniela Carlisi
               and Anna {De Blasio} and Francesca Querques and Lucio Pastore
               and Giovanni Tesoriere and Renza Vento},
    year    = {2014},
    title   = {\href{https://doi.org/10.1016/j.bone.2013.12.021}{
               Mutant p53 gain of function can be at the root of
               dedifferentiation of human osteosarcoma MG63 cells into 3AB-OS
               cancer stem cells}},
    journal = {Bone},
    volume  = {60},
    pages   = {198-212},
    doi     = {https://doi.org/10.1016/j.bone.2013.12.021}
}

@article{Doupe,
    author  = {David P. Doup{\'e} and Maria P. Alcolea and Amit Roshan
               and Gen Zhang and Allon M. Klein and Benjamin D. Simons
               and Philip H. Jones},
    year    = {2012},
    title   = {\href{https://doi.org/10.1126/science.1218835}{
               A Single Progenitor Population Switches Behavior to Maintain and
               Repair Esophageal Epithelium}},
    journal = {Science},
    volume  = {337},
    number  = {6098},
    pages   = {1091-1093},
    doi     = {https://doi.org/10.1126/science.1218835}
}

@article{Durrett,
    author    = {Richard Durrett and Jasmine Foo and Kevin Leder},
    year      = {2016},
    title     = {\href{https://doi.org/10.1007/s00285-015-0912-1}{
                 Spatial Moran models, II: cancer initiation in spatially 
                 structured tissue}},
    journal   = {Journal of mathematical biology},
    volume    = {72},
    number    = {5},
    publisher = {Springer},
    pages     = {1369-1400},
    doi       = {https://doi.org/10.1007/s00285-015-0912-1}
}

@article{Dworkin,
    author  = {Amy M. Dworkin and Tim H.-M. Huang and Amanda Ewart Toland},
    year    = {2009},
    title   = {\href{https://doi.org/10.1016/j.semcancer.2009.02.007}{
               Epigenetic alterations in the breast: Implications for breast
               cancer detection, prognosis and treatment}},
    journal = {Seminars in Cancer Biology},
    volume  = {19},
    number  = {3},
    pages   = {165-171},
    doi     = {https://doi.org/10.1016/j.semcancer.2009.02.007}
}

@article{Ellsworth,
    author  = {Darrell L. Ellsworth and Rachel E. Ellsworth and Brad Love
               and Brenda Deyarmin and Susan M. Lubert and Vimal Mittal
               and Jeffrey A. Hooke and Craig D. Shriver},
    year    = {2004},
    title   = {\href{https://doi.org/10.1245/ASO.2004.03.024}{
               Outer Breast Quadrants Demonstrate Increased Levels of Genomic
               Instability}},
    journal = {Annals of Surgical Oncology},
    volume  = {11},
    number  = {9},
    pages   = {861-868},
    doi     = {https://doi.org/10.1245/ASO.2004.03.024}
}

@article{Enderling,
    author    = {Heiko Enderling and Mark Chaplain},
    title     = {\href{https://pubmed.ncbi.nlm.nih.gov/24283955/}{
                 Mathematical modeling of tumor growth and treatment}},
    year      = {2014},
    journal   = {Current pharmaceutical design},
    volume    = {20},
    number    = {30},
    publisher = {Bentham Science Publishers},
    pages     = {4934-4940},
    doi       = {https://pubmed.ncbi.nlm.nih.gov/24283955/}
}

@article{Feller,
    author  = {Liviu L. Feller and Razia RAG Khammissa and Beverly B. Kramer
               and Johan J. Lemmer},
    year    = {2013},
    title   = {\href{https://doi.org/10.1186/1475-2867-13-31}{
               Oral squamous cell carcinoma in relation to field
               precancerisation: pathobiology}},
    journal = {Cancer Cell International},
    volume  = {13},
    number  = {31},
    pages   = {1-8},
    doi     = {https://doi.org/10.1186/1475-2867-13-31}
}

@article{FogelSon,
  author    = {R. L. Fogel\'Son and E. R. Likhachev},
  year      = {2001},
  title     = {\href{https://link.springer.com/article/10.1134/1.1395131}{
               Temperature dependence of viscosity}},
  journal   = {Technical Physics},
  volume    = {46},
  number    = {8},
  publisher = {Springer},
  pages     = {1056-1059},
  doi       = {https://link.springer.com/article/10.1134/1.1395131}
}

@article{Foo,
    author  = {Jasmine Foo and Kevin Z. Leder and Marc D. Ryser},
    year    = {2014},
    title   = {\href{https://doi.org/10.1016/j.jtbi.2014.02.042}{
               Multifocality and recurrence risk: a quantitative model of field
               cancerization}},
    journal = {Journal of Theoretical Biology},
    volume  = {355},
    pages   = {170-184},
    doi     = {https://doi.org/10.1016/j.jtbi.2014.02.042}
}

@article{Foschini,
    author  = {Maria P. Foschini and Luca Morandi and Elisa Leonardi
               and Federica Flamminio and Yuko Ishikawa and Riccardo Masetti
               and Vincenzo Eusebi},
    year    = {2013},
    title   = {\href{https://doi.org/10.1016/j.humpath.2012.09.022}{
               Genetic clonal mapping of in situ and invasive ductal carcinoma
               indicates the field cancerization phenomenon in the breast}},
    journal = {Human Pathology},
    volume  = {44},
    number  = {7},
    pages   = {1310-1319},
    doi     = {https://doi.org/10.1016/j.humpath.2012.09.022}
}

@article{Franklin,
    author  = {W. A. Franklin and A. F. Gazdar and J. Haney and I. I. Wistuba
               and F. G. {La Rosa} and T. Kennedy and D. M. Ritchey
               and Y. E. Miller},
    year    = {1997},
    title   = {\href{https://doi.org/10.1172/JCI119748}{
               Widely dispersed p53 mutation in respiratory epithelium. A novel
               mechanism for field carcinogenesis.}},
    journal = {The Journal of Clinical Investigation},
    volume  = {100},
    number  = {8},
    pages   = {2133-2137},
    doi     = {https://doi.org/10.1172/JCI119748}
}

@article{Franssen,
  author    = {Linnea C. Franssen and Tommaso Lorenzi and 
               Andrew E.F. Burgess and Mark A.J. Chaplain},
  year      = {2019},
  title     = {\href{https://doi.org/10.1007/s11538-019-00597-x}{
               A mathematical framework for modelling the metastatic spread of cancer}},
  journal   = {Bulletin of mathematical biology},
  volume    = {81},
  number    = {6},
  publisher = {Springer},
  pages     = {1965-2010},
  doi       = {https://doi.org/10.1007/s11538-019-00597-x}
}

@article{Galandiuk,
    author  = {Susan Galandiuk and Manuel Rodriguez–Justo and Rosemary Jeffery
               and Anna M. Nicholson and Yong Cheng and Dahmane Oukrif
               and George Elia and Simon J. Leedham and Stuart A.C. McDonald
               and Nicholas A. Wright and Trevor A. Graham},
    year    = {2012},
    title   = {\href{https://doi.org/10.1053/j.gastro.2011.12.004}{
               Field Cancerization in the Intestinal Epithelium of Patients With
               Crohn's Ileocolitis}},
    journal = {Gastroenterology},
    volume  = {142},
    number  = {4},
    pages   = {855-864},
    doi     = {https://doi.org/10.1053/j.gastro.2011.12.004}
}

@article{Galipeau,
    author  = {Patricia C. Galipeau and Laura J. Prevo and Carissa A. Sanchez
               and Gary M. Longton and Brian J. Reid},
    year    = {1999},
    title   = {\href{https://doi.org/10.1093/jnci/91.24.2087}{
               Clonal expansion and loss of heterozygosity at chromosomes 9p and
               17p in premalignant esophageal (Barrett's) tissue}},
    journal = {Journal of the National Cancer Institute},
    volume  = {91},
    number  = {24},
    pages   = {2087-2095},
    doi     = {https://doi.org/10.1093/jnci/91.24.2087}
}

@article{Gatenby,
    author  = {Robert A. Gatenby and Robert J. Gillies},
    year    = {2008},
    title   = {\href{https://doi.org/10.1038/nrc2255}{
               A microenvironmental model of carcinogenesis}},
    journal = {Nature Reviews Cancer},
    volume  = {8},
    number  = {1},
    pages   = {56-61},
    doi     = {https://doi.org/10.1038/nrc2255}
}

@article{Genovese,
    author  = {Giulio Genovese and Anna K. K{\"a}hler and Robert E. Handsaker
               and Johan Lindberg and Samuel A. Rose and Samuel F. Bakhoum
               and Kimberly Chambert and Eran Mick and Benjamin M. Neale
               and Menachem Fromer and Shaun M. Purcell and Oscar Svantesson
               and Mikael Landén and Martin H{\"o}glund and S{\"o}ren Lehmann
               and Stacey B. Gabriel and Jennifer L. Moran and Eric S. Lander
               and Patrick F. Sullivan and Pamela Sklar and Henrik Gr{\"o}nberg
               and Christina M. Hultman and Steven A. McCarroll},
    year    = {2014},
    title   = {\href{https://doi.org/10.1056/NEJMoa1409405}{
               Clonal Hematopoiesis and Blood-Cancer Risk Inferred from Blood
               DNA Sequence}},
    journal = {New England Journal of Medicine},
    volume  = {371},
    number  = {26},
    pages   = {2477-2487},
    doi     = {https://doi.org/10.1056/NEJMoa1409405}
}

@article{Gerlee,
    author  = {Philip Gerlee and Alexander R.A. Anderson},
    year    = {2007},
    title   = {\href{https://doi.org/10.1016/j.jtbi.2007.01.027}{
               An evolutionary hybrid cellular automaton model of solid tumour
               growth}},
    journal = {Journal of theoretical biology},
    volume  = {246},
    number  = {4},
    pages   = {583-603},
    doi     = {https://doi.org/10.1016/j.jtbi.2007.01.027}
}

@article{Gentry,
    author    = {Sara N. Gentry, Sara N. and Trachette L. Jackson},
    year      = {2013},
    journal   = {PLOS ONE},
    title     = {\href{https://doi.org/10.1371/journal.pone.0071128}{
                 A Mathematical Model of Cancer Stem Cell Driven Tumor Initiation: 
                 Implications of Niche Size and Loss of Homeostatic Regulatory Mechanisms}},
    volume    = {8},
    number    = {8},
    publisher = {Public Library of Science},
    pages     = {1-15},
    doi       = {https://doi.org/10.1371/journal.pone.0071128}
}

@inbook{Geron,
    author    = {Aur{\'e}lien G{\'e}ron},
    year      = {2017},
    title     = {\href{https://www.oreilly.com/library/view/hands-on-machine-learning/9781491962282/}{
                 Hands-on machine learning with Scikit-Learn, Keras, and TensorFlow:
                 Concepts, tools, and techniques to build intelligent systems}},
    chapter   = {Chapter 10. Introduction to Artificial Neural Networks},
    edition   = {1},
    publisher = {O'Reilly Media, Inc.},
    doi       = {https://www.oreilly.com/library/view/hands-on-machine-learning/9781491962282/}
}

@article{Gomperts,
    author  = {Brigitte N. Gomperts and Tonya C. Walser and Avrum Spira
               and Steven M. Dubinett},
    year    = {2013},
    title   = {\href{https://doi.org/10.1158/1940-6207.CAPR-12-0470}{
               Enriching the Molecular Definition of the Airway
               {\textquotedblleft}Field of Cancerization{\textquotedblright}:
               Establishing New Paradigms for the Patient at Risk for Lung
               Cancer}},
    journal = {Cancer Prevention Research},
    volume  = {6},
    number  = {1},
    pages   = {4-7},
    doi     = {https://doi.org/10.1158/1940-6207.CAPR-12-0470}
}

@article{GonzalezMoles,
    author  = {M. A. Gonz{\'a}lez-Moles and C. Scully and I. Ruiz-{\'A}vila
               and J. J. Plaza-Campillo},
    year    = {2013},
    title   = {\href{https://doi.org/10.1016/j.oraloncology.2013.04.002}{
               The cancer stem cell hypothesis applied to oral carcinoma}},
    journal = {Oral Oncology},
    volume  = {49},
    number  = {8},
    pages   = {738-746},
    doi     = {https://doi.org/10.1016/j.oraloncology.2013.04.002}
}

@article{Gray,
    author  = {Lawrence Gray},
    year    = {2003},
    title   = {\href{http://www.ams.org/notices/200302/fea-gray.pdf}{
               A mathematician looks at Wolfram's new kind of science}},
    journal = {Notices of the American Mathematical Society},
    volume  = {50},
    number  = {2},
    pages   = {200-211},
    doi     = {http://www.ams.org/notices/200302/fea-gray.pdf}
}

@article{LGreaves,
    author  = {Laura C. Greaves and Sean L. Preston and Paul J. Tadrous
               and Robert W. Taylor and Martin J. Barron and Dahmane Oukrif
               and Simon J. Leedham and Maesha Deheragoda and Peter Sasieni
               and Marco R. Novelli and Janusz A. Z. Jankowski
               and Douglass M. Turnbull and Nicholas A. Wright
               and Stuart A. C. McDonald},
    year    = {2006},
    title   = {\href{https://doi.org/10.1073/pnas.0505903103}{
               Mitochondrial DNA mutations are established in human colonic stem
               cells, and mutated clones expand by crypt fission}},
    journal = {Proceedings of the National Academy of Sciences},
    volume  = {103},
    number  = {3},
    pages   = {714-719},
    doi     = {https://doi.org/10.1073/pnas.0505903103}
}

@article{MGreaves,
    author  = {Mel F. Greaves and Ana Teresa Maia and Joseph L. Wiemels
               and Anthony M. Ford},
    year    = {2003},
    title   = {\href{https://doi.org/10.1182/blood-2002-12-3817}{
               Leukemia in twins: lessons in natural history}},
    journal = {Blood},
    volume  = {102},
    number  = {7},
    pages   = {2321-2333},
    doi     = {https://doi.org/10.1182/blood-2002-12-3817}
}

@article{Grewal,
    author  = {P. Grewal and V. A. Viswanathen},
    year    = {2012},
    title   = {\href{https://pubmed.ncbi.nlm.nih.gov/23101985}{
               Liver cancer and alcohol}},
    journal = {Clin Liver Dis},
    volume  = {16},
    number  = {4},
    pages   = {839-850},
    doi     = {https://pubmed.ncbi.nlm.nih.gov/23101985}
}

@article{GutierrezGonzalez,
    author  = {Lydia Gutierrez–Gonzalez and Trevor A. Graham
               and Manuel Rodriguez–Justo and Simon J. Leedham
               and Marco R. Novelli and Laura J. Gay
               and Tania Ventayol–Garcia and Alicia Green
               and Ian Mitchell and David L. Stoker and Sean L. Preston
               and Shigeki Bamba and Eiji Yamada and Yuuki Kishi
               and Rebecca Harrison and Janusz A. Jankowski
               and Nicholas A. Wright and Stuart A.C. McDonald},
    year    = {2011},
    title   = {\href{https://doi.org/10.1053/j.gastro.2010.12.051}{
               The Clonal Origins of Dysplasia From Intestinal Metaplasia in the
               Human Stomach}},
    journal = {Gastroenterology},
    volume  = {140},
    number  = {4},
    pages   = {1251-1260},
    doi     = {https://doi.org/10.1053/j.gastro.2010.12.051}
}

@article{Haaland,
    author  = {C. M. Haaland and Christopher M. Heaphy
               and K. S. Butler and E. G. Fischer and J. K. Griffith
               and Marco Bisoffi}, 
    year    = {2009},
    title   = {\href{https://doi.org/10.3892/ijo_00000365}{
               Differential gene expression in tumor adjacent histologically
               normal prostatic tissue indicates field cancerization}},
    journal = {International Journal of Oncology},
    volume  = {35},
    number  = {3},
    pages   = {537-546},
    doi     = {https://doi.org/10.3892/ijo_00000365}
}

@article{Hafner,
    author  = {Christian Hafner and Ruth Knuechel and Robert Stoehr
               and Arndt Hartmann},
    year    = {2002},
    title   = {\href{https://doi.org/10.1002/ijc.10544}{
               Clonality of multifocal urothelial carcinomas: 10 years of
               molecular genetic studies}},
    journal = {International Journal of Cancer},
    volume  = {101},
    number  = {1},
    pages   = {1-6},
    doi     = {https://doi.org/10.1002/ijc.10544}
}

@article{Hawthorn,
    author  = {Lesleyann Hawthorn and L. Lan and W. Mojica},
    year    = {2014},
    title   = {\href{https://doi.org/10.1016/j.ygeno.2013.11.003}{
               Evidence for field effect cancerization in colorectal cancer}},
    journal = {Genomics},
    volume  = {103},
    number  = {2-3},
    pages   = {211-221},
    doi     = {https://doi.org/10.1016/j.ygeno.2013.11.003}
}

@article{HerrerosVillanueva,
    author  = {M. Herreros-Villanueva and J. S. Zhang and A. Koenig
               and E. V. Abel and Thomas Christopher Smyrk and W. R. Bamlet
               and A. A. M. {De Narvajas} and T. S. Gomez and D. M. Simeone
               and L. Bujanda},
    year    = {2013},
    title   = {\href{http://dx.doi.org/10.1038/oncsis.2013.23}{
               SOX2 promotes dedifferentiation and imparts stem cell-like
               features to pancreatic cancer cells}},
    journal = {Oncogenesis},
    volume  = {2},
    number  = {e61},
    pages   = {1-12},
    doi     = {http://dx.doi.org/10.1038/oncsis.2013.23}
}

@article{Hittelman,
    author  = {Walter N. Hittelman},
    year    = {2001},
    title   = {\href{https://doi.org/10.1111/j.1749-6632.2001.tb02723.x}{
               Genetic instability in epithelial tissues at risk for cancer}},
    journal = {Annals of the New York Academy of Sciences},
    volume  = {952},
    number  = {1},
    pages   = {1-12},
    doi     = {https://doi.org/10.1111/j.1749-6632.2001.tb02723.x}
}

@article{VanHouten,
    author  = {Viola M. M. {van Houten} and Maarten P. Tabor
               and Michiel W. M. {van den Brekel} and J. Alain Kummer
               and Fedor Denkers and Janny Dijkstra and Ren{\'e} Leemans
               and Isa{\"a}c {van der Waal} and Gordon B. Snow
               and Ruud H. Brakenhoff}, 
    year    = {2002},
    title   = {\href{https://doi.org/10.1002/path.1242}{
               Mutated p53 as a molecular marker for the diagnosis of head and
               neck cancer}},
    journal = {The Journal of Pathology: A Journal of the Pathological Society
               of Great Britain and Ireland},
    volume  = {198},
    number  = {4},
    pages   = {476-486},
    doi     = {https://doi.org/10.1002/path.1242}
}

@article{Hu,
    author  = {Bing Hu and Einar Castillo and Louise Harewood and Paola Ostano
               and Alexandre Reymond and Reinhard Dummer and Wassim Raffoul
               and Wolfram Hoetzenecker and G{\"u}nther F. L. Hofbauer
               and G. Paolo Dotto},
    year    = {2012},
    title   = {\href{https://doi.org/10.1016/j.cell.2012.03.048}{
               Multifocal epithelial tumors and field cancerization from loss of
               mesenchymal CSL signaling}},
    journal = {Cell},
    volume  = {149},
    number  = {6},
    pages   = {1207-1220},
    doi     = {https://doi.org/10.1016/j.cell.2012.03.048}
}

@article{Kadara2012,
    author  = {Humam Kadara and Ignacio I. Wistuba},
    year    = {2012},
    title   = {\href{https://doi.org/10.1513/pats.201201-004MS}{
               Field Cancerization in Non–Small Cell Lung Cancer: 
               Implications in Disease Pathogenesis}},
    journal = {Proceedings of the American Thoracic Society},
    volume  = {9},
    number  = {2},
    pages   = {38-42},
    doi     = {https://doi.org/10.1513/pats.201201-004MS}
}

@article{Kadara2014,
    author  = {Humam Kadara and Junya Fujimoto and Suk-Young Yoo and Yuho Maki 
               and Adam C. Gower and Mohamed Kabbout and Melinda M. Garcia
               and Chi-Wan Chow and Zuoming Chu and Gabriella Mendoza}, 
    year    = {2014},
    title   = {\href{https://doi.org/10.1093/jnci/dju004}{
               Transcriptomic architecture of the adjacent airway field 
               cancerization in non–small cell lung cancer}},
    journal = {Journal of the National Cancer Institute},
    volume  = {106},
    number  = {3},
    pages   = {1-9},
    doi     = {https://doi.org/10.1093/jnci/dju004}
}

@article{Kamiyama,
    author  = {H. Kamiyama and K. Suzuki and T. Maeda and K. Koizumi
               and Y. Miyaki and S. Okada and Y. J. Kawamura 
               and J. K. Samuelsson and S. Alonso and F. Konishi}, 
    year    = {2012},
    title   = {\href{http://dx.doi.org/10.1038/onc.2011.652}{
               DNA demethylation in normal colon tissue predicts predisposition 
               to multiple cancers}},
    journal = {Oncogene},
    volume  = {31},
    number  = {48},
    pages   = {5029-5037},
    doi     = {http://dx.doi.org/10.1038/onc.2011.652}
}

@article{Kammori,
    author  = {Makoto Kammori and Steven S. S. Poon and Ken-Ichi Nakamura
               and Naotaka Izumiyama and Naoshi Ishikawa and Masahiko Kobayashi 
               and Yoshio Naomoto and Kaiyo Takubo},
    year    = {2007},
    title   = {\href{https://doi.org/10.3892/ijmm.20.6.793}{
               Squamous cell carcinomas of the esophagus arise from a 
               telomere-shortened epithelial field}},
    journal = {International Journal of Molecular Medicine},
    volume  = {20},
    number  = {6},
    pages   = {793-799},
    doi     = {https://doi.org/10.3892/ijmm.20.6.793}
}

@article{Kang,
    author  = {Gyeong Hoon Kang and Chong Jai Kim and Woo Ho Kim
               and Yun Kyung Kang and Hyun Ok Kim and Yong Il Kim}, 
    year    = {1997},
    title   = {\href{https://www.ncbi.nlm.nih.gov/pubmed/9121123}{
               Genetic evidence for the multicentric origin of synchronous 
               multiple gastric carcinoma.}},
    journal = {Laboratory Investigation; a journal of technical methods and 
               pathology},
    volume  = {76},
    number  = {3},
    pages   = {407-417},
    doi     = {https://www.ncbi.nlm.nih.gov/pubmed/9121123}
}

@article{Kanjilal,
    author  = {Sagarika Kanjilal and Sara S. Strom and Gary L. Clayman
               and Randal S. Weber and Adel K. El-Naggar and Vivek Kapur
               and Kathleen K. Cummings and Leigh Anne Hill
               and Margaret R. Spitz and Margaret L. Kripke},  
    year    = {1995},
    title   = {\href{http://cancerres.aacrjournals.org/content/55/16/3604}{
               p53 mutations in nonmelanoma skin cancer of the head and neck: 
               molecular evidence for field cancerization}},
    journal = {Cancer Research},
    volume  = {55},
    number  = {16},
    pages   = {3604-3609},
    doi     = {http://cancerres.aacrjournals.org/content/55/16/3604}
}

@article{Kaz,
    author  = {Andrew M. Kaz and Chao-Jen Wong and Slavomir Dzieciatkowski
               and Yanxin Luo and Robert E. Schoen and William M. Grady}, 
    year    = {2014},
    title   = {\href{https://doi.org/10.4161/epi.27650}{
               Patterns of DNA methylation in the normal colon vary by 
               anatomical location, gender, and age}},
    journal = {Epigenetics},
    volume  = {9},
    number  = {4},
    pages   = {492-502},
    doi     = {https://doi.org/10.4161/epi.27650}
}

@article{Klein,
    author  = {Allon M. Klein and Douglas E. Brash and Philip H. Jones
               and Benjamin D. Simons}, 
    year    = {2010},
    title   = {\href{https://doi.org/10.1073/pnas.0909738107}{
               Stochastic fate of p53-mutant epidermal progenitor cells is 
               tilted toward proliferation by UV B during preneoplasia}},
    journal = {Proceedings of the National Academy of Sciences},
    volume  = {107},
    number  = {1},
    pages   = {270-275},
    doi     = {https://doi.org/10.1073/pnas.0909738107}
}

@article{Koizumi,
    author  = {Kei Koizumi and Sergio Alonso and Yuichiro Miyaki
               and Shinichiro Okada and Hiroyuki Ogura and Norihiko Shiiya 
               and Fumio Konishi and Toshiki Taya and Manuel Perucho
               and Koichi Suzuki},  
    year    = {2012},
    title   = {\href{https://doi.org/10.3892/ijo.2011.1283}{
               Array-based identification of common DNA methylation alterations 
               in ulcerative colitis}},
    journal = {International Journal of Oncology},
    volume  = {40},
    number  = {4},
    pages   = {983-994},
    doi     = {https://doi.org/10.3892/ijo.2011.1283}
}

@article{Kumar,
    author  = {Suresh M. Kumar and Shujing Liu and Hezhe Lu and Hongtao Zhang 
               and Paul J. Zhang and Phyllis A. Gimotty and Matthew Guerra
               and Wei Guo and Xiaowei Xu},
    year    = {2012},
    title   = {\href{http://dx.doi.org/10.1038/onc.2011.656}{
               Acquired cancer stem cell phenotypes through Oct4-mediated 
               dedifferentiation}},
    journal = {Oncogene},
    volume  = {31},
    number  = {47},
    pages   = {4898-4911},
    doi     = {http://dx.doi.org/10.1038/onc.2011.656}
}

@article{Lee,
    author  = {Yi-Chia Lee and Hsiu-Po Wang and Cheng-Ping Wang and Jenq-Yuh Ko 
               and Jang-Ming Lee and Han-Mo Chiu and Jaw-Town Lin
               and Satoshi Yamashita and Daiji Oka and Naoko Watanabe},
    year    = {2011},
    title   = {\href{https://doi.org/10.1158/1940-6207.CAPR-11-0096}{
               Revisit of field cancerization in squamous cell carcinoma of 
               upper aerodigestive tract: better risk assessment with epigenetic 
               markers}},
    journal = {Cancer Prevention Research},
    volume  = {4},
    number  = {12},
    pages   = {1982-1992},
    doi     = {https://doi.org/10.1158/1940-6207.CAPR-11-0096}
}

@article{Leedham,
    author  = {Simon J. Leedham and Trevor A. Graham and Dahmane Oukrif and 
               Stuart A. C. McDonald and Manuel Rodriguez–Justo
               and Rebecca F. Harrison and Neil A. Shepherd and Marco R. Novelli 
               and Janusz A. Z. Jankowski and Nicholas A. Wright},  
    year    = {2009},
    title   = {\href{https://doi.org/10.1053/j.gastro.2008.10.086}{
               Clonality, founder mutations, and field cancerization in human 
               ulcerative colitis–associated neoplasia}},
    journal = {Gastroenterology},
    volume  = {136},
    number  = {2},
    pages   = {542-550},
    doi     = {https://doi.org/10.1053/j.gastro.2008.10.086}
}

@online{leeds.ac.uk,
    title   = {Glandular tissue},
    url     = {https://www.histology.leeds.ac.uk/glandular/},
    urldate = {2022-03}
}

@article{Li,
    author  = {Xiaohong Li and Patricia C. Galipeau and Thomas G. Paulson
               and Carissa A. Sanchez and Jessica Arnaudo and Karen Liu
               and Cassandra L. Sather and Rumen L. Kostadinov
               and Robert D. Odze and Mary K. Kuhner},
    year    = {2014},
    title   = {\href{https://doi.org/10.1158/1940-6207.CAPR-13-0289}{
               Temporal and spatial evolution of somatic chromosomal 
               alterations: a case-cohort study of Barrett's esophagus}},
    journal = {Cancer Prevention Research},
    volume  = {7},
    number  = {1},
    pages   = {114-127},
    doi     = {https://doi.org/10.1158/1940-6207.CAPR-13-0289}
}

@article{Liégeois,
    author  = {Fabrice Liégeois and Adelin Albert and Michel Limme},
    year    = {2009},
    title   = {\href{https://doi.org/10.1093/ejo/cjp105}{
               Comparison between tongue volume from magnetic 
               resonance images and tongue area from profile 
               cephalograms}},
    journal = {European Journal of Orthodontics},
    volume  = {32},
    number  = {4},
    pages   = {381-386},
    doi     = {https://doi.org/10.1093/ejo/cjp105}
}

@book{Liggett,
    author    = {Thomas M. Liggett},
    year      = {1999},
    title     = {\href{https://link.springer.com/book/10.1007/978-3-662-03990-8}{
                 Stochastic interacting systems: contact, voter and exclusion processes}},
    volume    = {324},
    publisher = {Springer Science \& Business Media},
    doi       = {https://link.springer.com/book/10.1007/978-3-662-03990-8}
}

@article{Lin,
    author  = {Mong-Wei Lin and Chen-Tu Wu and Shuenn-Wen Kuo
               and Yih-Leong Chang and Pan-Chyr Yang},
    year    = {2014},
    title   = {\href{https://doi.org/10.1245/s10434-014-3642-5}{
               Clinicopathology and genetic profile of synchronous multiple 
               small adenocarcinomas: implication for surgical treatment of an 
               uncommon lung malignancy}},
    journal = {Annals of Surgical Oncology},
    volume  = {21},
    number  = {8},
    pages   = {2555-2562},
    doi     = {https://doi.org/10.1245/s10434-014-3642-5}
}

@article{LoConte,
    author    = {Noelle K. LoConte and Abenaa M. Brewster and Judith S. Kaur and
                 Janette K. Merrill and Anthony J. Alberg},
    year      = {2018},
    title     = {\href{https://pubmed.ncbi.nlm.nih.gov/29112463/}{
                 Alcohol and cancer: a statement of the American Society of 
                 Clinical Oncology}},
    journal   = {Journal of Clinical Oncology},
    volume    = {36},
    number    = {1},
    publisher = {American Society of Clinical Oncology},
    pages     = {83-93},
    doi       = {https://pubmed.ncbi.nlm.nih.gov/29112463/}
}

@online{malacards.org_2021,
    title   = {Genes related to Squamous Cell Carcinoma, Head and Neck},
    url     = {https://www.malacards.org/card/squamous_cell_carcinoma_head_and_neck?limit[RelatedGenes]=286\#RelatedGenes-table},
    urldate = {2021-06}
}

@article{Maley052004,
    author  = {Carlo C. Maley and Patricia C. Galipeau and Xiaohong Li
               and Carissa A. Sanchez and Thomas G. Paulson and Brian J. Reid},
    year    = {2004},
    title   = {\href{https://doi.org/10.1158/0008-5472.CAN-03-3249}{
               Selectively advantageous mutations and hitchhikers in neoplasms: 
               p16 lesions are selected in Barrett’s esophagus}},
    journal = {Cancer Research},
    volume  = {64},
    number  = {10},
    pages   = {3414-3427},
    doi     = {https://doi.org/10.1158/0008-5472.CAN-03-3249}
}

@article{Maley102004,
    author  = {Carlo C. Maley and Patricia C. Galipeau and Xiaohong Li
               and Carissa A. Sanchez and Thomas G. Paulson
               and Patricia L. Blount and Brian J. Reid}, 
    year    = {2004},
    title   = {\href{https://doi.org/10.1158/0008-5472.CAN-04-1738}{
               The combination of genetic instability and clonal expansion 
               predicts progression to esophageal adenocarcinoma}},
    journal = {Cancer Research},
    volume  = {64},
    number  = {20},
    pages   = {7629-7633},
    doi     = {https://doi.org/10.1158/0008-5472.CAN-04-1738}
}

@article{Martens,
    author  = {Erik A. Martens and Rumen Kostadinov and Carlo C. Maley
               and Oskar Hallatschek}, 
    year    = {2011},
    title   = {\href{https://doi.org/10.1088/1367-2630/13/11/115014}{
               Spatial structure increases the waiting time for cancer}},
    journal = {New Journal of Physics},
    volume  = {13},
    number  = {11},
    pages   = {1-22},
    doi     = {https://doi.org/10.1088/1367-2630/13/11/115014}
}

@article{Matsuda,
    author  = {Yasunori Matsuda and Satoshi Yamashita and Yi-Chia Lee
               and Tohru Niwa and Takeichi Yoshida and Ken Gyobu
               and Hiroyasu Igaki and Ryoji Kushima and Shigeru Lee 
               and Ming-Shiang Wu},
    year    = {2012},
    title   = {\href{http://dx.doi.org/10.1007/s10552-012-9955-4}{
               Hypomethylation of Alu repetitive elements in esophageal mucosa, 
               and its potential contribution to the epigenetic field for 
               cancerization}},
    journal = {Cancer Causes \& Control},
    volume  = {23},
    number  = {6},
    pages   = {865-873},
    doi     = {http://dx.doi.org/10.1007/s10552-012-9955-4}
}

@article{McCaughan,
    author  = {Frank McCaughan and Christodoulos P. Pipinikas and Sam M. Janes 
               and P. Jeremy George and Pamela H. Rabbitts and Paul H. Dear},
    year    = {2011},
    title   = {\href{https://doi.org/10.1002/path.2887}{
               Genomic evidence of pre‐invasive clonal expansion, dispersal 
               and progression in bronchial dysplasia}},
    journal = {The Journal of Pathology},
    volume  = {224},
    number  = {2},
    pages   = {153-159},
    doi     = {https://doi.org/10.1002/path.2887}
}

@article{McCulloch,
    author  = {Warren S. McCulloch and Walter Pitts},
    year    = {1943},
    title   = {\href{https://link.springer.com/article/10.1007\%252FBF02478259}{
               A logical calculus of the ideas immanent in nervous activity}},
    journal = {The Bulletin of mathematical biophysics},
    volume  = {5},
    number  = {4},
    pages   = {115-133},
    doi     = {https://link.springer.com/article/10.1007%252FBF02478259}
}

@article{McDonald,
    author  = {Stuart A. C. McDonald and Laura C. Greaves
               and Lydia Gutierrez–Gonzalez and Manuel Rodriguez–Justo
               and Maesha Deheragoda and Simon J. Leedham and Robert W. Taylor 
               and Chung Yin Lee and Sean L. Preston and Matthew Lovell}, 
    year    = {2008},
    title   = {\href{https://doi.org/10.1053/j.gastro.2007.11.035}{
               Mechanisms of field cancerization in the human stomach: the 
               expansion and spread of mutated gastric stem cells}},
    journal = {Gastroenterology},
    volume  = {134},
    number  = {2},
    pages   = {500-510},
    doi     = {https://doi.org/10.1053/j.gastro.2007.11.035}
}

@online{medlineplus.gov_2021,
    title   = {Head and neck squamous cell carcinoma},
    url     = {https://medlineplus.gov/genetics/condition/head-and-neck-squamous-cell-carcinoma/},
    urldate = {2021-06}
}

@online{merckmanuals.com_2021,
    title   = {Risk Factors of Mouth and Throat Cancer},
    url     = {https://www.merckmanuals.com/home/ear,-nose,-and-throat-disorders/mouth,-nose,-and-throat-cancers/mouth-and-throat-cancer},
    urldate = {2021-06}
}

@article{Milicic,
    author  = {Anita Milicic and Lea-Anne Harrison and Robert A. Goodlad
               and Robert G. Hardy and Anna M. Nicholson and Michal Presz 
               and Oliver Sieber and Sonia Santander and James H. Pringle 
               and Nikki Mandir},
    year    = {2008},
    title   = {\href{https://doi.org/10.1158/0008-5472.CAN-08-0020}{
               Ectopic expression of P-cadherin correlates with promoter 
               hypomethylation early in colorectal carcinogenesis and enhanced 
               intestinal crypt fission in vivo}},
    journal = {Cancer Research},
    volume  = {68},
    number  = {19},
    pages   = {7760-7768},
    doi     = {https://doi.org/10.1158/0008-5472.CAN-08-0020}
}

@misc{Minsky,
  author    = {Marvin L. Minsky and Seymour A. Papert},
  year      = {1988},
  title     = {\href{https://dl.acm.org/doi/abs/10.5555/50066}{
               Perceptrons: expanded edition}},
  publisher = {MIT press},
  doi       = {https://dl.acm.org/doi/abs/10.5555/50066}
}

@article{Moon,
    author  = {Jai-Hee Moon and Suhyun Kwon and Eun Kyoung Jun and Aeree Kim
               and Kwang Youn Whang and Hyunggee Kim and Sejong Oh
               and Byung Sun Yoon and Seungkwon You}, 
    year    = {2011},
    title   = {\href{https://doi.org/10.1016/j.bbrc.2011.07.070}{
               Nanog-induced dedifferentiation of p53-deficient mouse astrocytes 
               into brain cancer stem-like cells}},
    journal = {Biochemical and Biophysical Research Communications},
    volume  = {412},
    number  = {1},
    pages   = {175-181},
    doi     = {https://doi.org/10.1016/j.bbrc.2011.07.070}
}

@article{Mori,
    author  = {Hiroshi Mori and Susan M. Colman and Zhijian Xiao
               and Anthony M. Ford and Lyn E. Healy and Craig Donaldson
               and Jill M. Hows and Cristina Navarrete and Mel Greaves},  
    year    = {2002},
    title   = {\href{https://doi.org/10.1073/pnas.112218799}{
               Chromosome translocations and covert leukemic clones are 
               generated during normal fetal development}},
    journal = {Proceedings of the National Academy of Sciences},
    volume  = {99},
    number  = {12},
    pages   = {8242-8247},
    doi     = {https://doi.org/10.1073/pnas.112218799}
}

@article {Nachman,
    author  = {Michael W. Nachman and Susan L. Crowell},
    year    = {2000},
    title   = {\href{https://www.genetics.org/content/156/1/297}{
               Estimate of the Mutation Rate per Nucleotide in Humans}},
    journal = {Genetics},
    volume  = {156},
    number  = {1},
    pages   = {297-304},
    doi     = {https://www.genetics.org/content/156/1/297}
}

@article{Nakachi,
    author  = {Ichiro Nakachi and Jessica L. Rice and Christopher D. Coldren
               and Michael G. Edwards and Robert S. Stearman
               and Steven C. Glidewell and Marileila Varella-Garcia
               and Wilbur A. Franklin and Robert L. Keith and Marina T. Lewis},   
    year    = {2014},
    title   = {\href{https://doi.org/10.1158/1940-6207.CAPR-12-0485}{
               Application of SNP microarrays to the genome-wide analysis of 
               chromosomal instability in premalignant airway lesions}},
    journal = {Cancer Prevention Research},
    volume  = {7},
    number  = {2},
    pages   = {255-265},
    doi     = {https://doi.org/10.1158/1940-6207.CAPR-12-0485}
}

@article{Narayana,
    author  = {Ashwatha Narayana and Andrew T. M. Vaughan and Susan G. Fisher 
               and Sarada P. Reddy},
    year    = {1998},
    title   = {\href{https://doi.org/10.1016/S0360-3016(98)00250-8}{
               Second primary tumors in laryngeal cancer: results of long-term 
               follow-up}},
    journal = {International Journal of Radiation Oncology \textbullet Biology 
               \textbullet Physics},
    volume  = {42},
    number  = {3},
    pages   = {557-562},
    doi     = {https://doi.org/10.1016/S0360-3016(98)00250-8}
}

@online{niaaa.nih.gov_2021_1,
    title   = {Standard Alcoholic Drink},
    url     = {https://pubs.niaaa.nih.gov/publications/Practitioner/pocketguide/pocket_guide2.htm},
    url_date = {2021-06}
}

@online{niaaa.nih.gov_2021_2,
    title   = {Drinking Levels Defined},
    url     = {https://www.niaaa.nih.gov/alcohol-health/overview-alcohol-consumption/moderate-binge-drinking},
    urldate = {2021-06}
}

@article{Nicholson,
    author  = {Anna M. Nicholson and Trevor A. Graham and Ashley Simpson
               and Adam Humphries and Nicola Burch and Manuel Rodriguez-Justo 
               and Marco Novelli and Rebecca Harrison and Nicholas A. Wright
               and Stuart A. C. McDonald},  
    year    = {2012},
    title   = {\href{http://dx.doi.org/10.1136/gutjnl-2011-301174}{
               Barrett's metaplasia glands are clonal, contain multiple stem 
               cells and share a common squamous progenitor}},
    journal = {Gut},
    volume  = {61},
    number  = {10},
    pages   = {1380-1389},
    doi     = {http://dx.doi.org/10.1136/gutjnl-2011-301174}
}

@article{Nonn,
    author  = {Larisa Nonn and Vijayalakshmi Ananthanarayanan
               and Peter H. Gann},
    year    = {2009},
    title   = {\href{https://doi.org/10.1002/pros.20983}{
               Evidence for field cancerization of the prostate}},
    journal = {The Prostate},
    volume  = {69},
    number  = {13},
    pages   = {1470-1479},
    doi     = {https://doi.org/10.1002/pros.20983}
}

@article{Nowell,
    author  = {Peter C. Nowell},
    year    = {1976},
    title   = {\href{https://doi.org/10.1126/science.959840}{
               The clonal evolution of tumor cell populations}},
    journal = {Science},
    volume  = {194},
    number  = {4260},
    pages   = {23-28},
    doi     = {https://doi.org/10.1126/science.959840}
}

@article{VanOijen,
    author  = {Monique G. C. T. {van Oijen} and Pieter J. Slootweg},
    year    = {2000},
    title   = {\href{http://cebp.aacrjournals.org/content/9/3/249}{
               Oral field cancerization: carcinogen-induced independent events 
               or micrometastatic deposits?}},
    journal = {Cancer Epidemiology and Prevention Biomarkers},
    volume  = {9},
    number  = {3},
    pages   = {249-256},
    doi     = {http://cebp.aacrjournals.org/content/9/3/249}
}

@article{Oka,
    author  = {Daiji Oka and Satoshi Yamashita and Tadashi Tomioka
               and Yukihiro Nakanishi and Hoichi Kato and Michio Kaminishi 
               and Toshikazu Ushijima},
    year    = {2009},
    title   = {\href{https://doi.org/10.1002/cncr.24394}{
               The presence of aberrant DNA methylation in noncancerous 
               esophageal mucosae in association with smoking history: a target 
               for risk diagnosis and prevention of esophageal cancers}},
    journal = {Cancer: Interdisciplinary International Journal of the American 
               Cancer Society},
    volume  = {115},
    number  = {15},
    pages   = {3412-3426},
    doi     = {https://doi.org/10.1002/cncr.24394}
}

@article {Paterson,
    author    = {Chay Paterson and Hans Clevers and Ivana Bozic},
    year      = {2020},
    title     = {\href{https://www.pnas.org/content/117/34/20681}{
                 Mathematical model of colorectal cancer initiation}},
    journal   = {Proceedings of the National Academy of Sciences},
    volume    = {117},
    number    = {34},
    publisher = {National Academy of Sciences},
    pages     = {20681-20688},
    doi       = {https://www.pnas.org/content/117/34/20681}
}

@article{Pentenero,
    author  = {Monica Pentenero and Alessandra Donadini and Emanuela {Di Nallo} 
               and Massimo Maffei and Roberto Marino and Ubaldo Familiari
               and Patrizio Castagnola and Sergio Gandolfo and Walter Giaretti},
    year    = {2012},
    title   = {\href{https://doi.org/10.1111/j.1600-0714.2011.01085.x}{
               Field effect in oral precancer as assessed by DNA flow cytometry 
               and array‐CGH}},
    journal = {Journal of Oral Pathology \& Medicine},
    volume  = {41},
    number  = {2},
    pages   = {119-123},
    doi     = {https://doi.org/10.1111/j.1600-0714.2011.01085.x}
}

@article{Petrick,
    author  = {J. L. Petrick and P. T. Campbell and J. Koshiol and J. E. Thistle 
               and G. Andreotti and L. E. Beane-Freeman and J. E. Buring and A. T. Chan
               and D. Q. Chong and M. M. Doody and S. M. Gapstur and J. M. Gaziano
               and E. Giovannucci and B. I. Graubard and I. M. Lee and L. M. Liao
               and M. S. Linet and J. R. Palmer and J. N. Poynter and M. P. Purdue
               and K. Robien and L. Rosenberg and C. Schairer and H. D. Sesso
               and R. Sinha and M. J. Stampfer and M. Stefanick and J. Wactawski-Wende
               and X. Zhang and A. Zeleniuch-Jacquotte and N. D. Freedman and K. A. McGlynn},
    year    = {2018},
    title   = {\href{https://pubmed.ncbi.nlm.nih.gov/29520041}{
               Tobacco, alcohol use and risk of hepatocellular carcinoma and intrahepatic
               cholangiocarcinoma: The Liver Cancer Pooling Project}},
    journal = {Br J Cancer},
    volume  = {118},
    number  = {7},
    pages   = {1005-1012},
    doi     = {https://pubmed.ncbi.nlm.nih.gov/29520041}
}

@article{dePillis,
    author    = {Lisette {de Pillis} and K. {Renee Fister} and Weiqing Gu and Craig Collins and 
                 Michael Daub and David Gross and James Moore and Benjamin Preskill},
    title     = {\href{https://www.tandfonline.com/doi/abs/10.1080/17486700802216301}{
                 Mathematical model creation for cancer chemo-immunotherapy}},
    year      = {2009},
    journal   = {Computational and Mathematical Methods in Medicine},
    volume    = {10},
    number    = {3},
    publisher = {Taylor \& Francis},
    pages     = {165-184},
    doi       = {https://www.tandfonline.com/doi/abs/10.1080/17486700802216301}
}

@article{Pipinikas,
    author  = {Christodoulos P. Pipinikas and Theodoros S. Kiropoulos
               and Vitor H. Teixeira and James M. Brown and Aikaterini Varanou 
               and Mary Falzon and Arrigo Capitanio and Steven E. Bottoms
               and Bernadette Carroll and Neal Navani},
    year    = {2014},
    title   = {\href{http://dx.doi.org/10.1136/thoraxjnl-2013-204198}{
               Cell migration leads to spatially distinct but clonally related 
               airway cancer precursors}},
    journal = {Thorax},
    volume  = {69},
    number  = {6},
    pages   = {548-557},
    doi     = {http://dx.doi.org/10.1136/thoraxjnl-2013-204198}
}

@inbook{Polyanin,
    author    = {Andrei D. Polyanin and Vladimir E. Nazaikinskii},
    year      = {2016},
    title   = {\href{https://www.taylorfrancis.com/chapters/boundary-value-problems-green-function-andrei-polyanin-vladimir-nazaikinskii/10.1201/b19056-23?context=ubx{\&}refId=da696d2f-f825-446e-9495-076cb389b83a}{
    Chapter 17: Boundary Value Problems. Green's Function}},
    booktitle     = {\href{https://doi.org/10.1201/b19056}{
                 Handbook of Linear Partial Differential Equations 
                 for Engineers and Scientists}},
    publisher = {Chapman and Hall/CRC},
    edition   = {2},
    pages     = {1199-1231},
    numpages  = {34},
    doi       = {https://doi.org/10.1201/b19056}
}

@article{Prevo,
    author  = {Laura J. Prevo and Carissa A. Sanchez and Patricia C. Galipeau 
               and Brian J. Reid},
    year    = {1999},
    title   = {\href{http://www.ncbi.nlm.nih.gov/pubmed/10519384}{
               p53-mutant clones and field effects in Barrett’s esophagus}},
    journal = {Cancer Research},
    volume  = {59},
    number  = {19},
    pages   = {4784-4787},
    doi     = {http://www.ncbi.nlm.nih.gov/pubmed/10519384}
}

@online{proserve.aglc.ca,
    title   = {ProServe Liquor Training},
    url     = {https://proserve.aglc.ca},
    urldate = {2022-03}
}

@article{Radunskaya,
    author  = {Ami Radunskaya and Ruby Kim and Timothy {Woods II}},
    title   = {\href{http://doi.org/10.30707/SPORA4.1Radunskaya}{
               Mathematical modeling of tumor immune interactions: 
               a closer look at the role of a PD-L1 inhibitor in cancer 
               immunotherapy}},
    year    = {2018},
    journal = {Spora: A Journal of Biomathematics},
    volume  = {4},
    number  = {1},
    pages   = {25-41},
    doi     = {http://doi.org/10.30707/SPORA4.1Radunskaya}
}

@article{Reddy,
    author    = {K. A. Reddy and L. K. Doraiswamy},
    year      = {1967},
    title     = {\href{https://pubs.acs.org/doi/10.1021/i160021a012}{
                Estimating liquid diffusivity}},
    journal   = {Industrial \& Engineering Chemistry Fundamentals},
    volume    = {6},
    number    = {1},
    publisher = {ACS Publications},
    pages     = {77-79},
    doi       = {https://pubs.acs.org/doi/10.1021/i160021a012}
}

@article{Rivenbark,
    author  = {Ashley G. Rivenbark and William B. Coleman},
    year    = {2012},
    title   = {\href{https://doi.org/10.1016/j.yexmp.2012.10.018}{
               Field cancerization in mammary carcinogenesis—Implications for 
               prevention and treatment of breast cancer}},
    journal = {Experimental and Molecular Pathology},
    volume  = {93},
    number  = {3},
    pages   = {391-398},
    doi     = {https://doi.org/10.1016/j.yexmp.2012.10.018}
}

@article{RoeschEly,
    author  = {Mariana Roesch‐Ely and Alexandra Leipold and Matthias Nees
               and Dana Holzinger and Andreas Dietz and Christa Flechtenmacher 
               and Thomas Wolf and Marc Zapatka and Franz X. Bosch},
    year    = {2010},
    title   = {\href{https://doi.org/10.1002/path.2726}{
               Proteomic analysis of field cancerization in pharynx and 
               oesophagus: a prospective pilot study}},
    journal = {The Journal of Pathology},
    volume  = {221},
    number  = {4},
    pages   = {462-470},
    doi     = {https://doi.org/10.1002/path.2726}
}

@inbook{Rumelhart,
	author    = {D. E. Rumelhart and G. E. Hinton and R. J. Williams},
	year      = {1986},
	title     = {\href{https://dl.acm.org/doi/10.5555/104279.104293}{
	             Learning Internal Representations by Error Propagation}},
	booktitle = {\href{https://dl.acm.org/doi/10.5555/104279.104293}{
	             Parallel Distributed Processing: 
	             Explorations in the Microstructure of Cognition, 
	             Vol. 1: Foundations}},
	publisher = {MIT Press},
	address   = {Cambridge, MA, USA},
	pages     = {318–362},
	doi       = {https://dl.acm.org/doi/10.5555/104279.104293}
}

@article{Ryser,
    author  = {Marc D. Ryser and Walter T. Lee and Neal E. Ready
               and Kevin Z. Leder and Jasmine Foo},
    year    = {2016},
    title   = {\href{https://doi.org/10.1158/0008-5472.CAN-16-1054}{
               Quantifying the dynamics of field cancerization in 
               tobacco-related head and neck cancer: a multiscale modeling 
               approach}},
    journal = {Cancer Research},
    volume  = {76},
    number  = {24},
    pages   = {7078-7088},
    doi     = {https://doi.org/10.1158/0008-5472.CAN-16-1054}
}

@article{Sanner,
    author  = {Tore Sanner and Tom K. Grimsrud},
    year    = {2015},
    title   = {\href{https://dx.doi.org/10.3389/fonc.2015.00196}{
               Nicotine: Carcinogenicity and Effects on 
               Response to Cancer Treatment – A Review}},
    journal = {Frontiers in Oncology},
    volume  = {5},
    pages   = {1-10},
    doi     = {https://dx.doi.org/10.3389/fonc.2015.00196}
}

@online{saylor.org_2021,
    title   = {Viscosity},
    url     = {https://resources.saylor.org/wwwresources/archived/site/wp-content/uploads/2011/04/Viscosity.pdf},
    urldate = {2022-02}
}

@incollection{Scholer,
    author    = {Hans R. Schöler},
    year      = {2007},
    title     = {\href{https://doi.org/10.4324/9781315252933}{
                 The potential of stem cells: An inventory}},
    chapter   = {3},
    pages     = {27-55},
    editor    = {Dagmar Schipanski and Nikolaus Knoepffler
                 and Stefan Lorenz Sorgner},
    booktitle = {\href{https://doi.org/10.4324/9781315252933}{
                 Humanbiotechnology as Social Challenge: An Interdisciplinary 
                 Introduction to Bioethics}},
    series    = {Applied Ethics},
    edition   = {1},
    publisher = {Ashgate Publishing},
    doi       = {https://doi.org/10.4324/9781315252933}
}

@article{Shain,
    author  = {Alan Hunter Shain and Iwei Yeh and Ivanka Kovalyshyn
               and Aravindhan Sriharan and Eric Talevich
               and Alexander Gagnon and Reinhard Dummer and Jeffrey North
               and Laura Pincus and Beth Ruben},
    year    = {2015},
    title   = {\href{https://doi.org/10.1056/NEJMoa1502583}{
               The genetic evolution of melanoma from precursor lesions}},
    journal = {New England Journal of Medicine},
    volume  = {373},
    number  = {20},
    pages   = {1926-1936},
    doi     = {https://doi.org/10.1056/NEJMoa1502583}
}

@article{Shaw,
    author  = {Richard J. Shaw and Andrew J. Hobkirk and George Nikolaidis
               and Julia A. Woolgar and Asterios Triantafyllou
               and James S. Brown and Triantafillos Liloglou and Janet M. Risk},
    year    = {2013},
    title   = {\href{http://dx.doi.org/10.1245/s10434-012-2713-8}{
               Molecular staging of surgical margins in oral squamous cell 
               carcinoma using promoter methylation of p16$^\text{INK4A}$,
               cytoglobin, E-cadherin, and TMEFF2}},
    journal = {Annals of Surgical Oncology},
    volume  = {20},
    number  = {8},
    pages   = {2796-2802},
    doi     = {http://dx.doi.org/10.1245/s10434-012-2713-8}
}

@article{Shen,
    author  = {Lanlan Shen and Yutaka Kondo and Gary L. Rosner and Lianchun Xiao 
               and Natalie Supunpong Hernandez and Jill Vilaythong
               and P. Scott Houlihan and Robert S. Krouse and Anil R. Prasad 
               and Janine G. Einspahr},
    year    = {2005},
    title   = {\href{https://doi.org/10.1093/jnci/dji275}{
               MGMT promoter methylation and field defect in sporadic colorectal 
               cancer}},
    journal = {Journal of the National Cancer Institute},
    volume  = {97},
    number  = {18},
    pages   = {1330-1338},
    doi     = {https://doi.org/10.1093/jnci/dji275}
}

@article {Sieburg,
    author    = {Hans B. Sieburg and Betsy D. Rezner and Christa E. Muller-Sieburg},
    year      = {2011},
    title     = {\href{https://doi.org/10.1073/pnas.1011414108}{
                 Predicting clonal self-renewal and extinction of hematopoietic 
                 stem cells}},
    journal   = {Proceedings of the National Academy of Sciences},
    volume    = {108},
    number    = {11},
    publisher = {National Academy of Sciences},
    pages     = {4370-4375},
    doi       = {https://doi.org/10.1073/pnas.1011414108}
}

@article{Simon,
    author  = {Ronald Simon and Elke Eltze and Karl-Ludwig Schäfer
               and Horst Bürger and Axel Semjonow and Lothar Hertle
               and Barbara Dockhorn-Dworniczak and Hans-Joachim Terpe
               and Werner Böcker},
    year    = {2001},
    title   = {\href{http://www.ncbi.nlm.nih.gov/pubmed/11196186}{
               Cytogenetic analysis of multifocal bladder cancer supports a 
               monoclonal origin and intraepithelial spread of tumor cells}},
    journal = {Cancer Research},
    volume  = {61},
    number  = {1},
    pages   = {355-362},
    doi     = {http://www.ncbi.nlm.nih.gov/pubmed/11196186}
}

@article{Simple,
    author  = {M. Simple and Amritha Suresh and Debashish Das
               and Moni A. Kuriakose},
    year    = {2015},
    title   = {\href{https://doi.org/10.1016/j.oraloncology.2015.04.006}{
               Cancer stem cells and field cancerization of oral squamous cell 
               carcinoma}},
    journal = {Oral Oncology},
    volume  = {51},
    number  = {7},
    pages   = {643-651},
    doi     = {https://doi.org/10.1016/j.oraloncology.2015.04.006}
}

@article{Slaughter,
    author  = {Danely P. Slaughter and Harry W. Southwick and Walter Smejkal},
    year    = {1953},
    title   = {\href{https://doi.org/10.1002/1097-0142(195309)6:5<963::AID-CNCR2820060515>3.0.CO;2-Q}{
               “Field cancerization” in oral stratified squamous epithelium. 
               Clinical implications of multicentric origin}},
    journal = {Cancer},
    volume  = {6},
    number  = {5},
    pages   = {963-968},
    doi     = {https://doi.org/10.1002/1097-0142(195309)6:5<963::AID-CNCR2820060515>3.0.CO;2-Q}
}

@article{Sozzi,
    author  = {Gabriella Sozzi and Monica Miozzo and Ugo Pastorino
               and Silvana Pilotti and Rosangela Donghi and Monica Giarola
               and Laura {De Gregorio} and Giacomo Manenti and Paolo Radice
               and Fabiola Minoletti},
    year    = {1995},
    title   = {\href{http://www.ncbi.nlm.nih.gov/pubmed/7805023}{
               Genetic evidence for an independent origin of multiple 
               preneoplastic and neoplastic lung lesions}},
    journal = {Cancer Research},
    volume  = {55},
    number  = {1},
    pages   = {135-140},
    doi     = {http://www.ncbi.nlm.nih.gov/pubmed/7805023}
}

@article{Stachler,
    author  = {Matthew D. Stachler and Amaro Taylor-Weiner and Shouyong Peng
               and Aaron McKenna and Agoston T. Agoston and Robert D. Odze
               and Jon M. Davison and Katie S. Nason and Massimo Loda
               and Ignaty Leshchiner}, 
    year    = {2015},
    title   = {\href{https://doi.org/10.1038/ng.3343}{
               Paired exome analysis of Barrett's esophagus and 
               adenocarcinoma}},
    journal = {Nature Genetics},
    volume  = {47},
    number  = {9},
    pages   = {1047-1055},
    doi     = {https://doi.org/10.1038/ng.3343}
}

@article{Steiling,
    author  = {Katrina Steiling and John Ryan and Jerome S. Brody
               and Avrum Spira},
    year    = {2008},
    title   = {\href{https://doi.org/10.1158/1940-6207.CAPR-08-0174}{
               The field of tissue injury in the lung and airway}},
    journal = {Cancer Prevention Research},
    volume  = {1},
    number  = {6},
    pages   = {396-403},
    doi     = {https://doi.org/10.1158/1940-6207.CAPR-08-0174}
}

@article{Stern,
    author  = {Robert S. Stern and Svetlana Bolshakov and Arun J. Nataraj
               and Honnavara N. Ananthaswamy},
    year    = {2002},
    title   = {\href{https://doi.org/10.1046/j.1523-1747.2002.01814.x}{
               p53 mutation in nonmelanoma skin cancers occurring in psoralen 
               ultraviolet a-treated patients: evidence for heterogeneity and 
               field cancerization}},
    journal = {Journal of Investigative Dermatology},
    volume  = {119},
    number  = {2},
    pages   = {522-526},
    doi     = {https://doi.org/10.1046/j.1523-1747.2002.01814.x}
}

@article{Stratton,
    author  = {Michael R. Stratton and Peter J. Campbell and P. Andrew Futreal},
    year    = {2009},
    title   = {\href{https://doi.org/10.1038/nature07943}{
               The cancer genome}},
    journal = {Nature},
    volume  = {458},
    number  = {7239},
    pages   = {719-724},
    doi     = {https://doi.org/10.1038/nature07943}
}

@article{Sutherland,
    author    = {William Sutherland},
    year      = {1905},
    title     = {\href{https://doi.org/10.1080/14786440509463331}{
                 LXXV. A dynamical theory of diffusion for non-electrolytes and the
                 molecular mass of albumin}},
    journal   = {The London, Edinburgh, and Dublin Philosophical Magazine 
                 and Journal of Science},
    volume    = {9},
    number    = {54},
    pages     = {781-785},
    publisher = {Taylor & Francis},
    doi       = {https://doi.org/10.1080/14786440509463331}
}

@article{Szeimies,
    author  = {R. M. Szeimies and L. Torezan and A. Niwa and N. Valente
               and P. Unger and E. Kohl and S. Schreml and P. Babilas
               and S. Karrer and Cyro Festa‐Neto},
    year    = {2012},
    title   = {\href{https://doi.org/10.1111/j.1365-2133.2012.10887.x}{
               Clinical, histopathological and immunohistochemical assessment of 
               human skin field cancerization before and after photodynamic 
               therapy}},
    journal = {British Journal of Dermatology},
    volume  = {167},
    number  = {1},
    pages   = {150-159},
    doi     = {https://doi.org/10.1111/j.1365-2133.2012.10887.x}
}

@article{Tabor062001,
    author  = {Maarten P. Tabor and Ruud H. Brakenhoff
               and Viola M. M. {van Houten} and J. Alain Kummer
               and Mireille H. J. Snel and Peter J. F. Snijders
               and Gordon B. Snow and Charles René Leemans
               and Boudewijn J. M. Braakhuis}, 
    year    = {2001},
    title   = {\href{http://www.ncbi.nlm.nih.gov/pubmed/11410486}{
               Persistence of genetically altered fields in head and neck cancer 
               patients: biological and clinical implications}},
    journal = {Clinical Cancer Research},
    volume  = {7},
    number  = {6},
    pages   = {1523-1532},
    doi     = {http://www.ncbi.nlm.nih.gov/pubmed/11410486}
}

@article{Tabor2002,
    author  = {Maarten P. Tabor and Ruud H. Brakenhoff
               and Henrique J. Ruijter-Schippers
               and Jacqueline E. {van der Wal} and Gordon B. Snow
               and C. René Leemans and Boudewijn J. M. Braakhuis},
    year    = {2002},
    title   = {\href{https://www.ncbi.nlm.nih.gov/pubmed/12213734}{
               Multiple head and neck tumors frequently originate from a single 
               preneoplastic lesion}},
    journal = {The American Journal of Pathology},
    volume  = {161},
    number  = {3},
    pages   = {1051-1060},
    doi     = {https://www.ncbi.nlm.nih.gov/pubmed/12213734}
}

@article{Tabor122001,
    author  = {Maarten P. Tabor and Viola M. M. {van Houten} and J. Alain Kummer 
               and Maria J. W. D. Vosjan and Ronald Vlasblom and Gordon B. Snow 
               and Charles René Leemans and Boudewijn J. M. Braakhuis
               and Ruud H. Brakenhoff},
    year    = {2002},
    title   = {\href{https://doi.org/10.1002/gcc.10019}{
               Discordance of genetic alterations between primary head and neck 
               tumors and corresponding metastases associated with mutational 
               status of the TP53 gene}},
    journal = {Genes, Chromosomes and Cancer},
    volume  = {33},
    number  = {2},
    pages   = {168-177},
    doi     = {https://doi.org/10.1002/gcc.10019}
}

@article{Takeshima,
    author  = {Hideyuki Takeshima and Tohru Niwa and Takamasa Takahash
               and Mika Wakabayashi and Satoshi Yamashita and Takayuki Ando
               and Yuki Inagawa and Hirokazu Taniguchi and Hitoshi Katai
               and Toshiro Sugiyama}, 
    year    = {2015},
    title   = {\href{https://doi.org/10.1016/j.canlet.2014.11.038}{
               Frequent involvement of chromatin remodeler alterations in 
               gastric field cancerization}},
    journal = {Cancer Letters},
    volume  = {357},
    number  = {1},
    pages   = {328-338},
    doi     = {https://doi.org/10.1016/j.canlet.2014.11.038}
}

@article{Teixeira,
    author  = {Vitor H. Teixeira and Parthiban Nadarajan and Trevor A. Graham 
               and Christodoulos P. Pipinikas and James M. Brown
               and Mary Falzon and Emma Nye and Richard Poulsom
               and David Lawrence and Nicholas A. Wright}, 
    year    = {2013},
    title   = {\href{https://doi.org/10.7554/eLife.00966}{
               Stochastic homeostasis in human airway epithelium is achieved by 
               neutral competition of basal cell progenitors}},
    journal = {Elife},
    volume  = {2},
    number  = {e00966},
    pages   = {1-18},
    doi     = {https://doi.org/10.7554/eLife.00966}
}

@article{Trujillo2011,
    author  = {Kristina A. Trujillo and William C. Hines and Keith M. Vargas
               and Anna C. Jones and Nancy E. Joste and Marco Bisoffi 
               and Jeffrey K. Griffith},
    year    = {2011},
    title   = {\href{https://doi.org/10.1158/1541-7786.MCR-10-0424}{
               Breast field cancerization: isolation and comparison of 
               telomerase-expressing cells in tumor and tumor adjacent, 
               histologically normal breast tissue}},
    journal = {Molecular Cancer Research},
    volume  = {9},
    number  = {9},
    pages   = {1209-1221},
    doi     = {https://doi.org/10.1158/1541-7786.MCR-10-0424}
}

@article{Trujillo2012,
    author  = {Kristina A. Trujillo and Anna C. Jones and Jeffrey K. Griffith 
               and Marco Bisoffi},
    year    = {2012},
    title   = {\href{http://dx.doi.org/10.1155/2012/302894}{
               Markers of field cancerization: proposed clinical applications in 
               prostate biopsies}},
    journal = {Prostate Cancer},
    volume  = {2012},
    number  = {302894},
    pages   = {1-12},
    doi     = {http://dx.doi.org/10.1155/2012/302894}
}

@article{Ushijima,
    author  = {Toshikazu Ushijima and Naoko Hattori},
    year    = {2012},
    title   = {\href{https://doi.org/10.1158/1078-0432.CCR-11-2011}{
               Molecular pathways: Involvement of Helicobacter pylori–triggered 
               inflammation in the formation of an epigenetic field defect, and 
               its usefulness as cancer risk and exposure markers}},
    journal = {Clinical Cancer Research},
    volume  = {18},
    number  = {4},
    pages   = {923-929},
    doi     = {https://doi.org/10.1158/1078-0432.CCR-11-2011}
}

@article{Vatve,
    author  = {M. Vatve and J‐P Ortonne and M. A. Birch‐Machin and G. Gupta},
    year    = {2007},
    title   = {\href{https://doi.org/10.1111/j.1365-2133.2007.08268.x}{
               Management of field change in actinic keratosis}},
    journal = {British Journal of Dermatology},
    volume  = {157},
    number  = {s2},
    pages   = {21-24},
    doi     = {https://doi.org/10.1111/j.1365-2133.2007.08268.x}
}

@article{VanDerVorst,
    author  = {Sébastien {van der Vorst} and Anne–France Dekairelle
               and Birgit Weynand and Marc Hamoir and Jean–Luc Gala},
    year    = {2012},
    title   = {\href{https://doi.org/10.1002/hed.21960}{
               Assessment of p53 functional activity in tumor cells and 
               histologically normal mucosa from patients with head and
               neck squamous cell carcinoma}},
    journal = {Head \& Neck},
    volume  = {34},
    number  = {11},
    pages   = {1542-1550},
    doi     = {https://doi.org/10.1002/hed.21960}
}

@article{Vriesema,
    author  = {Jessica L. J. Vriesema and Korja K. H. Aben and J. Alfred Witjes
               and Lombertus A. L. M. Kiemeney and Jack A. Schalken},
    year    = {2001},
    title   = {\href{https://doi.org/10.1002/ijc.1402}{
               Superficial and metachronous invasive bladder carcinomas are 
               clonally related}},
    journal = {International Journal of Cancer},
    volume  = {93},
    number  = {5},
    pages   = {699-702},
    doi     = {https://doi.org/10.1002/ijc.1402}
}

@article{Wang,
    author  = {Yuding Wang and Michael R. Lang and Christopher L. Pin
               and Jonathan I. Izawa},
    year    = {2013},
    title   = {\href{https://doi.org/10.1186/2193-1801-2-412}{
               Comparison of the clonality of urothelial carcinoma developing in 
               the upper urinary tract and those developing in the bladder}},
    journal = {SpringerPlus},
    volume  = {2},
    number  = {412},
    pages   = {1-6},
    doi     = {https://doi.org/10.1186/2193-1801-2-412}
}

@article{Weaver,
    author  = {Jamie M. J. Weaver and Caryn S. Ross-Innes and Nicholas Shannon 
               and Andy G. Lynch and Tim Forshew and Mariagnese Barbera 
               and Muhammed Murtaza and Chin-Ann J. Ong and Pierre Lao-Sirieix 
               and Mark J. Dunning},
    year    = {2014},
    title   = {\href{https://doi.org/10.1038/ng.3013}{
               Ordering of mutations in preinvasive disease stages of esophageal 
               carcinogenesis}},
    journal = {Nature Genetics},
    volume  = {46},
    number  = {8},
    pages   = {837-843},
    doi     = {https://doi.org/10.1038/ng.3013}
}

@article{Weichert,
    author  = {Wilko Weichert and Arne Warth},
    year    = {2014},
    title   = {\href{https://doi.org/10.1097/MCP.0000000000000065}{
               Early lung cancer with lepidic pattern: adenocarcinoma in situ, 
               minimally invasive adenocarcinoma, and lepidic predominant
               adenocarcinoma}},
    journal = {Current Opinion in Pulmonary Medicine},
    volume  = {20},
    number  = {4},
    pages   = {309-316},
    doi     = {https://doi.org/10.1097/MCP.0000000000000065}
}

@inbook{Weinberg,
    author    = {Robert A. Weinberg},
    year      = {2013},
    chapter   = {\href{https://www.vitalsource.com/en-ca/products/the-biology-of-cancer-2e-robert-a-weinberg-v9781317963462}{
                 11: Multi-step Tumorigenesis}},
    title     = {The Biology of Cancer},
    publisher = {Garland science}
}

@article{Williams,
  title={\href{https://www.nature.com/articles/236019a0}{
         Stochastic model for abnormal clone spread through 
         epithelial basal layer}},
  author={Trevor Williams and Rolf Bjerknes},
  year={1972},
  journal={Nature},
  volume={236},
  number={5340},
  publisher={Nature Publishing Group},
  pages={19-21},
  doi={https://www.nature.com/articles/236019a0}
}

@article{Wirtschafter,
    author  = {Eric Wirtschafter and Ann E. Walts and Sandy T. Liu
               and Alberto M. Marchevsky},
    year    = {2015},
    title   = {\href{http://dx.doi.org/10.1007/s00408-015-9755-1}{
               Diffuse idiopathic pulmonary neuroendocrine cell hyperplasia of 
               the lung (DIPNECH): current best evidence}},
    journal = {Lung},
    volume  = {193},
    number  = {5},
    pages   = {659-667},
    doi     = {http://dx.doi.org/10.1007/s00408-015-9755-1}
}

@article{Yakoub,
    author  = {Danny Yakoub and Hector C. Keun and Robert Goldin
               and George B. Hanna},
    year    = {2010},
    title   = {\href{https://doi.org/10.1158/0008-5472.CAN-10-1566}{
               Metabolic profiling detects field effects in nondysplastic tissue 
               from esophageal cancer patients}},
    journal = {Cancer Research},
    volume  = {70},
    number  = {22},
    pages   = {9129-9136},
    doi     = {https://doi.org/10.1158/0008-5472.CAN-10-1566}
}

@article{Yamanoi,
    author  = {Kazuhiro Yamanoi and Eri Arai and Ying Tian and Yoriko Takahashi 
               and Sayaka Miyata and Hiroki Sasaki and Fumiko Chiwaki
               and Hitoshi Ichikawa and Hiromi Sakamoto and Ryoji Kushima}, 
    year    = {2015},
    title   = {\href{http://dx.doi.org/10.1093/carcin/bgv013}{
               Epigenetic clustering of gastric carcinomas based on DNA 
               methylation profiles at the precancerous stage: its correlation 
               with tumor aggressiveness and patient outcome}},
    journal = {Carcinogenesis},
    volume  = {36},
    number  = {5},
    pages   = {509-520},
    doi     = {http://dx.doi.org/10.1093/carcin/bgv013}
}

@article{Zaky,
    author  = {Amen H. Zaky and Jiro Watari and Hiroki Tanabe and Ryu Sato
               and Kentaro Moriichi and Atsumi Tanaka and Atsuo Maemoto
               and Mikihiro Fujiya and Toshifumi Ashida and Yutaka Kohgo},
    year    = {2008},
    title   = {\href{http://dx.doi.org/10.1309/DFLELPGPNV5LK6B1}{
               Clinicopathologic implications of genetic instability in 
               intestinal-type gastric cancer and intestinal metaplasia as a 
               precancerous lesion: proof of field cancerization in the 
               stomach}},
    journal = {American Journal of Clinical Pathology},
    volume  = {129},
    number  = {4},
    pages   = {613-621},
    doi     = {http://dx.doi.org/10.1309/DFLELPGPNV5LK6B1}
}

@article{Zhou,
    author  = {Zeng-Tong Zhou and Wei-Wen Jiang},
    year    = {2008},
    title   = {\href{https://doi.org/10.2174/157488808783489426}{
               Cancer stem cell model in oral squamous cell carcinoma}},
    journal = {Current Stem Cell Research \& Therapy},
    volume  = {3},
    number  = {1},
    pages   = {17-20},
    doi     = {https://doi.org/10.2174/157488808783489426}
}
